@misc{sujet,
    author = "David Renault",
    title = "\textit{Génération Procédurale}",
    howpublished = {\texttt{https://www.labri.fr/perso/renault/\\working/teaching/projets/2020-21-S6-Scheme-Procedural.php}},
    note = {Accessed: 14.05.2021}
}

@misc{cours,
    author = {David Renault},
    title = {\textit{Programmation fonctionnelle}},
    howpublished  = {\texttt{https://www.labri.fr/perso/renault/\\working/teaching/functional/files/slides.8.pdf}},
    note = {Accessed: 14.05.2021}
}

@misc{seed,
    author = {Christophe Schlick},
    title = {\textit{Générateur pseudo-aléatoire avec graîne}},
    howpublished  = {\texttt{https://lewis.bordeaux-inp.fr/\\group/projetss6-proc}},
    note = {Accessed: 14.05.2021}
}

@misc{voronoi,
    author = {Christophe Schlick},
    title = {\textit{Animation de Voronoi en GLSL}},
    howpublished  = {\texttt{http://glslsandbox.com/e#72452}},
    note = {Accessed: 14.05.2021}
}

@misc{composition,
    author = {W3C Candidate Recommendation},
    title = {\textit{Compositing and Blending level 1}},
    howpublished  = {\texttt{https://www.w3.org/\\TR/compositing-1/}},
    note = {Published: 13.01.2015}
}

@misc{rgb2hsl,
    author = {Rapid Tables},
    title = {\textit{RGB to HSL conversion}},
    howpublished  = {\texttt{https://www.rapidtables.com/convert/\\color/rgb-to-hsl.html}},
    note = {Accessed: 14.05.2021}
}

@misc{contrast,
    author = {Francis G. Loch},
    title = {\textit{Image Processing : Contrast adjustment}},
    howpublished  = {\texttt{https://www.dfstudios.co.uk/\\articles/programming/image-programming-algorithms/image-processing-algorithms-\\part-5-contrast-adjustment/}},
    note = {Accessed: 14.05.2021}
}

@misc{signedDistance,
    author = {Inigo Quilez},
    title = {\textit{fractals, computer graphics, mathematics, shaders, demoscene and more}},
    howpublished  = {\texttt{https://iquilezles.org/www/articles/distfunctions2d/distfunctions2d.htm}},
    note = {Accessed: 18.05.2021}
}

@misc{regularTiling,
    author = {Wikipedia},
    title = {\textit{Pavage par des polygones réguliers}},
    howpublished  = {\texttt{https://fr.wikipedia.org/wiki/\\Pavage\_par\_des\_polygones\_r\%C3\%A9guliers}},
    note = {Accessed: 18.05.2021}
}

@misc{goL,
    author = {Wikipedia},
    title = {\textit{Jeu de la vie}},
    howpublished  = {\texttt{https://fr.wikipedia.org/wiki/Jeu\_de\_la\_vie}},
    note = {Accessed: 18.05.2021}
}

@misc{elemCellu,
    author = {Wikipedia},
    title = {\textit{Elementary cellular automaton}},
    howpublished  = {\texttt{https://en.wikipedia.org/wiki/\\Elementary\_cellular\_automaton}},
    note = {Accessed: 18.05.2021}
}

@misc{moore,
    author = {Wikipedia},
    title = {\textit{Moore neighborhood}},
    howpublished = {\texttt{https://en.wikipedia.org/wiki/Moore\_neighborhood}},
    note = {Accessed: 18.05.2021}
}
